<?xml version="1.0" encoding="UTF-8"?><collection xmlns="http://www.loc.gov/MARC21/slim"><record><leader>00290nam--2200121-i-4500</leader><controlfield tag="001">000002760</controlfield><controlfield tag="002">20161230</controlfield><controlfield tag="005">20161230201025</controlfield><controlfield tag="008">060222s1000------------r-----000-0-eng-d</controlfield><datafield ind1=" " ind2=" " tag="245"><subfield code="a">Crystal rectifiers and transistors</subfield></datafield><datafield ind1=" " ind2=" " tag="260"><subfield code="a">London, George Newnes, 1954</subfield></datafield><datafield ind1=" " ind2=" " tag="490"><subfield code="a">170p</subfield></datafield><datafield ind1=" " ind2=" " tag="700"><subfield code="a">Say, M.G</subfield></datafield></record></collection>